@article{cybenko,
  author = {Cybenko, G.},
  biburl = {https://www.bibsonomy.org/bibtex/2be85c56ae384216b2e35bdf79b7fb477/baby9992006},
  doi = {10.1007/BF02551274},
  issn = {0932-4194},
  journal = {Mathematics of Control, Signals, and Systems (MCSS)},
  keywords = {approximation, control, duckling, free, lunch, no, theorem, theory, ugly, universal},
  pages = {303--314},
  posted-at = {2012-02-28 13:17:08},
  priority = {2},
  publisher = {Springer London},
  timestamp = {2012-03-02T03:39:20.000+0100},
  title = {{Approximation by superpositions of a sigmoidal function}},
  url = {http://dx.doi.org/10.1007/BF02551274},
  volume = 2,
  year = 1989
}

@online{ibm,
  author = {IBM},
  title = {{What is a digital twin? \textit{IBM Topics}}},
  url = {https://www.ibm.com/topics/what-is-a-digital-twin},
  note = {Accessed: Apr 4, 2023}
}

@online{mit,
  author = {Purdy, M and Eitel-Porter, R and Kr√ºger, R and Deblaere, T},
  title = {{How Digital Twins Are Reinventing Innovation. \textit{MIT Sloan Management Review}}},
  url = {https://sloanreview.mit.edu/article/how-digital-twins-are-reinventing-innovation/},
  note = {Accessed: Apr 4, 2023},
  year = 2020
}

@inproceedings{nasa,
    author  = "Allen, Danette B.",
    title   = {{Digital Twins and Living Models at NASA}},
    publisher = {{\textit{ASME Digital Twin Summit Keynote}}},
    url = {https://ntrs.nasa.gov/citations/20210023699},
    note = {Accessed: Apr 4, 2023},
    year    = 2021
}

@inproceedings{cabos,
    author  = "Cabos, C and Pavone, C",
    title   = {{Digital Model or Digital Twin?}},
    publisher = {{\textit{Proceedings of the 17th Conference on Computer and IT Applications in the Maritime Industries (COMPIT)}}},
    year    = 2018
}

@online{ABB,
  author = {Nowak, J and Stekkeland, M},
  title = {{Your systems may be optimized but digital twins could learn to do it better. \textit{ABB Marine \& Ports}}},
  url = {https://new.abb.com/news/detail/24663/your-systems-may-be-optimized-but-digital-twins-could-learn-to-do-it-better},
  note = {Accessed: Apr 5, 2023},
  year = 2019
}

@online{vdi,
  author = {{VDI Association of German Engineers}},
  title = {{\textit{VDI Standard No.~4499}: Digital factory - Fundamentals}},
  url = {https://www.vdi.de/en/home/vdi-standards/details/vdi-4499-blatt-1-digital-factory-fundamentals},
  note = {Accessed: Apr 5, 2023},
  year = 2008
}

@online{climeworks,
  author = {{Accenture Digital X}},
  title = {{See how digital changes can help turn back climate change. \textit{Climeworks Case Study}}},
  url = {https://www.accenture.com/us-en/case-studies/industry-x/digital-plant-global-co2-filtration#accordion-dc312391cb-item-9976f719f1},
  note = {Accessed: Apr 5, 2023},
  year = 2021
}